%% This BibTeX bibliography file was created using BibDesk.
%% http://bibdesk.sourceforge.net/


%% Created for Thomas Steiner at 2014-03-01 22:58:45 +0100 


%% Saved with string encoding Unicode (UTF-8) 



@inproceedings{sawhney1996hypercafe,
	Acmid = {234829},
	Address = {New York, NY, USA},
	Author = {Sawhney, Nitin and Balcom, David and Smith, Ian},
	Booktitle = {Proceedings of the the Seventh ACM Conference on Hypertext},
	Doi = {10.1145/234828.234829},
	Isbn = {0-89791-778-2},
	Keywords = {aesthetics, digital video, multi-threaded narratives, navigation, temporal links},
	Location = {Bethesda, Maryland, USA},
	Numpages = {10},
	Pages = {1--10},
	Publisher = {ACM},
	Series = {HYPERTEXT '96},
	Title = {{HyperCafe: Narrative and Aesthetic Properties of Hypervideo}},
	Url = {http://doi.acm.org/10.1145/234828.234829},
	Year = {1996},
	Bdsk-Url-1 = {http://doi.acm.org/10.1145/234828.234829},
	Bdsk-Url-2 = {http://dx.doi.org/10.1145/234828.234829}}

@article{smith2002extensible,
	Author = {Smith, J and Stotts, David},
	Journal = {Department of Computer Science, University of North Carolina at Chapel Hill, Technical Report},
	Publisher = {Citeseer},
	Title = {{An Extensible Object Tracking Architecture for Hyperlinking In Real-time and Stored Video Streams}},
	Year = {2002}}

@misc{economist2006hypervideo,
	Author = {{The Economist}},
	Month = sep,
	Note = {\url{http://www.economist.com/node/7904166}},
	Title = {From hypertext to hypervideo},
	Year = {2006}}
