@incollection{sanger05historywikipedia,
  author = {Sanger, Larry},
  title = {{The Early History of Nupedia and Wikipedia:
            A~Memoir}},
  booktitle = {{Open Sources~2.0: The Continuing Evolution}},
  pages = {307--38},
  publisher  =	 {O'Reilly Media},
  year   = {2005},
  editor = {Chris DiBona and Mark Stone and Danese Cooper}
}