@article{vandeursen2012mediafragmentannotations,
  author = {Van Deursen, Davy and Van Lancker, Wim and Mannens, Erik and Van de Walle, Rik},
  title = {{Experiencing Standardized Media Fragment Annotations Within HTML5}},
  year = {2012},
  issn = {1380--7501},
  journal = {Multimedia Tools and Applications},
  doi = {10.1007/s11042-012-1129-6},
  publisher = {Springer US},
  pages = {1--20}
}

@techreport{pfeiffer2013webvtt,
  author = {Silvia Pfeiffer and Ian Hickson},
  title = {{WebVTT: The Web Video Text Tracks Format}},
  type = {{Draft Community Group Specification}},
  year = {2013},
  month = nov,
  note = {\url{http://dev.w3.org/html5/webvtt/}},
  institution = {W3C}
}

@techreport{berjon2013html5,
  author = {Berjon, Robin and Faulkner, Steve and Leithead, Travis and
            Doyle Navara, Erika and O'Connor, Edward and
            Pfeiffer, Silvia and Hickson, Ian},
  title = {{HTML5, A vocabulary and associated APIs for HTML and XHTML}},
  type = {{Candidate Recommendation}},
  year = {2013},
  note = {\url{http://www.w3.org/TR/html5/}},
  institution = {W3C}
}

@misc{dutton2012trackelement,
  author = {Sam Dutton},
  title = {{Getting Started With the Track Element}},
  year = {2012},
  month = feb,
  note = {\url{http://www.html5rocks.com/en/tutorials/track/basics/}}
}