%% This BibTeX bibliography file was created using BibDesk.
%% http://bibdesk.sourceforge.net/


%% Created for Thomas Steiner at 2014-02-11 17:20:42 +0100 


%% Saved with string encoding Unicode (UTF-8) 



@misc{bea2013wikilivemon,
	Author = {Francis Bea},
	Month = apr,
	Note = {\url{http://www.digitaltrends.com/social-media/wikipedia-live-monitor-breaking-news/}},
	Title = {{Twitter who? New app turns Wikipedia into a real time news source}},
	Year = {2013}}

@inproceedings{obrador2010storytelling,
	Acmid = {1874025},
	Address = {New York, NY, USA},
	Author = {Obrador, Pere and de Oliveira, Rodrigo and Oliver, Nuria},
	Booktitle = {Proceedings of the International Conference on Multimedia},
	Doi = {10.1145/1873951.1874025},
	Isbn = {978-1-60558-933-6},
	Keywords = {automatic photo storytelling, face clustering, image aesthetics, social networks, time clustering, user study},
	Location = {Firenze, Italy},
	Numpages = {10},
	Pages = {561--570},
	Publisher = {ACM},
	Series = {MM '10},
	Title = {{Supporting Personal Photo Storytelling for Social Albums}},
	Url = {http://doi.acm.org/10.1145/1873951.1874025},
	Year = {2010},
	Bdsk-Url-1 = {http://doi.acm.org/10.1145/1873951.1874025},
	Bdsk-Url-2 = {http://dx.doi.org/10.1145/1873951.1874025}}

@inproceedings{liu2011socialmedia,
	Author = {Liu, Xueliang and Troncy, Raphaël and Huet, Benoit},
	Booktitle = {{Proceedings of the 3\superscript{rd} ACM SIGMM International Workshop on Social Media}},
	Pages = {3--8},
	Series = {{WSM} '11},
	Title = {{Using Social Media to Identify Events}},
	Year = {2011}}

@inproceedings{liu2011events,
	Author = {Liu, Xueliang and Troncy, Raphaël and Huet, Benoit},
	Booktitle = {{Proceedings of the 1\superscript{st} ACM International Conference on Multimedia Retrieval}},
	Pages = {1--8},
	Publisher = {ACM},
	Series = {{ICMR} '11},
	Title = {{Finding Media Illustrating Events}},
	Year = {2011}}

@inproceedings{yang2009nearduplicate,
	Author = {Yang, Xin and Zhu, Qiang and Cheng, Kwang-Ting},
	Booktitle = {{1\superscript{st} ACM Workshop on Large-Scale Multimedia Retrieval and Mining}},
	Pages = {73--80},
	Series = {{LS--MMRM '09}},
	Title = {{Near-duplicate Detection for Images and Videos}},
	Year = {2009}}

@inproceedings{sandhaus2011photobook,
	Author = {Philipp Sandhaus and Mohammad Rabbath and Susanne Boll},
	Booktitle = {Proceedings of the 17$^{th}$ International Conference on Advances in Multimedia Modeling -- Volume Part I (MMM 2011)},
	Pages = {84--95},
	Title = {{Employing Aesthetic Principles for Automatic Photo Book Layout}},
	Year = {2011}}

@inproceedings{obrador2012photoaesthetics,
	Author = {Obrador, Pere and Saad, Michele and Suryanarayan, Poonam and Oliver, Nuria},
	Booktitle = {Proceedings of the 18$^{th}$ International Conference on Advances in Multimedia Modeling -- Volume Part I (MMM 2012)},
	Pages = {63--76},
	Title = {{Towards Category-Based Aesthetic Models of Photographs}},
	Year = {2012}}

@inproceedings{becker2010eventidentification,
	Author = {Becker, Hila and Naaman, Mor and Gravano, Luis},
	Booktitle = {{Proceedings of the Third ACM International Conference on Web Search and Data Mining}},
	Pages = {291--300},
	Publisher = {ACM},
	Series = {{WSDM} '10},
	Title = {{Learning Similarity Metrics for Event Identification in Social Media}},
	Year = {2010}}

@article{liu2009learningtorank,
	Address = {Hanover, MA, USA},
	Author = {Liu, Tie-Yan},
	Issn = {1554-0669},
	Journal = {Found. Trends Inf. Retr.},
	Month = mar,
	Number = {3},
	Numpages = {107},
	Pages = {225--331},
	Publisher = {Now Publishers Inc.},
	Title = {{Learning to Rank for Information Retrieval}},
	Volume = {3},
	Year = {2009}}

@inproceedings{becker2012plannedevents,
	Author = {Becker, Hila and Iter, Dan and Naaman, Mor and Gravano, Luis},
	Booktitle = {{Proceedings of the Fifth ACM International Conference on Web Search and Data Mining}},
	Pages = {533--542},
	Publisher = {ACM},
	Series = {{WSDM} '12},
	Title = {{Identifying Content for Planned Events Across Social Media Sites}},
	Year = {2012}}

@inproceedings{atasoy2011storify,
	Acmid = {1979905},
	Address = {New York, NY, USA},
	Author = {Atasoy, Berke and Martens, Jean-Bernard},
	Booktitle = {CHI '11 Extended Abstracts on Human Factors in Computing Systems},
	Doi = {10.1145/1979742.1979905},
	Isbn = {978-1-4503-0268-5},
	Location = {Vancouver, BC, Canada},
	Numpages = {6},
	Pages = {2263--2268},
	Publisher = {ACM},
	Series = {CHI EA '11},
	Title = {{STORIFY: A Tool to Assist Design Teams in Envisioning and Discussing User Experience}},
	Url = {http://doi.acm.org/10.1145/1979742.1979905},
	Year = {2011},
	Bdsk-Url-1 = {http://doi.acm.org/10.1145/1979742.1979905},
	Bdsk-Url-2 = {http://dx.doi.org/10.1145/1979742.1979905}}

@article{fincham2011storify,
	Author = {Fincham, Kelly},
	Journal = {Journal of Media Literacy Education},
	Number = {1},
	Title = {{Review: Storify (2011)}},
	Volume = {3},
	Year = {2011}}

@inproceedings{troncy2013mediafinder,
	Acmid = {2488048},
	Address = {Republic and Canton of Geneva, Switzerland},
	Author = {Troncy, Rapha\"{e}l and Milicic, Vuk and Rizzo, Giuseppe and Garc\'{\i}a, José Luis Redondo},
	Booktitle = {Proceedings of the 22\superscript{nd} International Conference on World Wide Web Companion},
	Isbn = {978-1-4503-2038-2},
	Keywords = {social media, storyboard identification, storytelling, topic generation, visual summarization},
	Location = {Rio de Janeiro, Brazil},
	Numpages = {2},
	Pages = {789--790},
	Publisher = {International World Wide Web Conferences Steering Committee},
	Series = {WWW '13 Companion},
	Title = {MediaFinder: Collect, Enrich and Visualize Media Memes Shared by the Crowd},
	Url = {http://dl.acm.org/citation.cfm?id=2487788.2488048},
	Year = {2013},
	Bdsk-Url-1 = {http://dl.acm.org/citation.cfm?id=2487788.2488048}}

@misc{rogers2014twitter,
	Author = {Simon Rogers},
	Month = feb,
	Note = {\url{https://blog.twitter.com/2014/visualizing-sochi2014}},
	Title = {{Visualizing \#Sochi2014}},
	Year = {2014}}

@misc{schweitzer2014twitter,
	Author = {Callie Schweitzer},
	Month = feb,
	Note = {\url{http://newsfeed.time.com/2014/02/10/olympics-photos-twitter/}},
	Title = {{These Are The Most-Shared Olympics Photos on Twitter}},
	Year = {2014}}

@techreport{cabanier2013canvas,
	Author = {Rik Cabanier and Eliot Graff and Jay Munro and Tom Wiltzius and Ian Hickson},
	Institution = {W3C},
	Month = oct,
	Note = {\url{http://www.w3.org/TR/2dcontext2/}},
	Title = {{HTML Canvas 2D Context, Level 2}},
	Type = {{Working Draft}},
	Year = 2013}

@misc{holowaychuk2013nodecanvas,
	Author = {Holowaychuk, T-J},
	Month = nov,
	Note = {\url{https://www.learnboost.com/blog/introducing-node-canvas-server-side-html5-canvas-api/}},
	Title = {{Introducing node-canvas. Server side HTML5 canvas API}},
	Year = {2010}}

@inproceedings{suh2003thumbnail,
	Acmid = {964707},
	Address = {New York, NY, USA},
	Author = {Suh, Bongwon and Ling, Haibin and Bederson, Benjamin B. and Jacobs, David W.},
	Booktitle = {Proceedings of the 16\superscript{th} Annual ACM Symposium on User Interface Software and Technology},
	Doi = {10.1145/964696.964707},
	Isbn = {1-58113-636-6},
	Keywords = {face detection, image cropping, saliency map, thumbnail, usability study, visual search, zoomable user interfaces},
	Location = {Vancouver, Canada},
	Numpages = {10},
	Pages = {95--104},
	Publisher = {ACM},
	Series = {UIST '03},
	Title = {{Automatic Thumbnail Cropping and Its Effectiveness}},
	Url = {http://doi.acm.org/10.1145/964696.964707},
	Year = {2003},
	Bdsk-Url-1 = {http://doi.acm.org/10.1145/964696.964707},
	Bdsk-Url-2 = {http://dx.doi.org/10.1145/964696.964707}}

@inproceedings{steiner2012aesthetic,
	Author = {Steiner, T. and Verborgh, R. and Gabarro, J. and Van de Walle, R.},
	Booktitle = {2012 Fourth International Workshop on Quality of Multimedia Experience (QoMEX)},
	Doi = {10.1109/QoMEX.2012.6263875},
	Keywords = {classification;social networking (online);video retrieval;aesthetic principles;audio event summarization;automatic media gallery generation;automatic media gallery layout;media item ranking;media item retrieval;visual event summarization;Atmosphere;Feature extraction;Layout;Media;Social network services;Videos;Visualization;aesthetics;event summarization;media galleries;media item ranking;media layout;social networks},
	Month = {July},
	Pages = {27--28},
	Title = {{Defining Aesthetic Principles for Automatic Media Gallery Layout for Visual and Audial Event Summarization Based on Social Networks}},
	Year = {2012},
	Bdsk-Url-1 = {http://dx.doi.org/10.1109/QoMEX.2012.6263875}}

@article{boyd2007socialnetworksites,
	Author = {{d}anah m. {b}oyd and Nicole B. Ellison},
	Date-Modified = {2013-07-16 23:54:02 +0000},
	Journal = {Journal of Computer-Mediated Communication},
	Number = {1},
	Pages = {210--230},
	Publisher = {International Communication Association},
	Title = {{Social Network Sites: Definition, History, and Scholarship}},
	Volume = {13},
	Year = {2007}}

@inproceedings{steiner2013tocrop,
	Acmid = {2487890},
	Address = {Republic and Canton of Geneva, Switzerland},
	Author = {Steiner, Thomas and Chedeau, Christopher},
	Booktitle = {Proceedings of the 22\superscript{nd} International Conference on World Wide Web Companion},
	Isbn = {978-1-4503-2038-2},
	Keywords = {event summarization, media galleries, social networks},
	Location = {Rio de Janeiro, Brazil},
	Numpages = {2},
	Pages = {201--202},
	Publisher = {International World Wide Web Conferences Steering Committee},
	Series = {WWW '13 Companion},
	Title = {{To Crop, or Not to Crop: Compiling Online Media Galleries}},
	Url = {http://dl.acm.org/citation.cfm?id=2487788.2487890},
	Year = {2013},
	Bdsk-Url-1 = {http://dl.acm.org/citation.cfm?id=2487788.2487890}}

@inproceedings{steiner2013bots,
	Address = {Republic and Canton of Geneva, Switzerland},
	Author = {Steiner, Thomas},
	Booktitle = {Proceedings of the 23\superscript{rd} International Conference on World Wide Web Companion},
	Location = {Seoul, Korea},
	Numpages = {2},
	Publisher = {International World Wide Web Conferences Steering Committee},
	Series = {WWW '14 Companion},
	Title = {{Bots vs. Wikipedians, Anons vs. Logged-Ins}},
	Year = {2014}}

@inproceedings{steiner2013meteoroid,
	Acmid = {2487798},
	Address = {Republic and Canton of Geneva, Switzerland},
	Author = {Steiner, Thomas},
	Booktitle = {Proceedings of the 22\superscript{nd} International Conference on World Wide Web Companion},
	Isbn = {978-1-4503-2038-2},
	Keywords = {event summarization, ranking, social networks},
	Location = {Rio de Janeiro, Brazil},
	Numpages = {4},
	Pages = {31--34},
	Publisher = {International World Wide Web Conferences Steering Committee},
	Series = {WWW '13 Companion},
	Title = {{A Meteoroid on Steroids: Ranking Media Items Stemming from Multiple Social Networks}},
	Url = {http://dl.acm.org/citation.cfm?id=2487788.2487798},
	Year = {2013},
	Bdsk-Url-1 = {http://dl.acm.org/citation.cfm?id=2487788.2487798}}

@article{steiner2013clustering,
	Abstract = {We have created and evaluated an algorithm capable of deduplicating and clustering exact- and near-duplicate media items of type photo and video that get shared on multiple social networks in the context of events. This algorithm works in an entirely ad hoc manner without requiring any pre-calculation. When people attend events, they more and more share event-related media items publicly on social networks to let their social network contacts relive and witness the attended events. In the past, we have worked on methods to accumulate such public user-generated multimedia content in order to summarize events visually, for example, in the form of media galleries or slideshows. In this paper, first, we introduce social-network-specific reasons and challenges that cause near-duplicate media items. Second, we detail an algorithm for the task of deduplicating and clustering exact- and near-duplicate media items stemming from multiple social networks. Finally, we evaluate the algorithm's strengths and weaknesses and thoroughly compare its performance with the state-of-the-art feature detection algorithms SIFT, ASIFT and SURF and show that for the given use case it performs almost equally well accuracy-wise, but strongly outperforms speed-wise.},
	Author = {Steiner, Thomas and Verborgh, Ruben and Gabarro, Joaquim and Mannens, Erik and Van de Walle, Rik},
	Doi = {10.1093/comjnl/bxt147},
	Eprint = {http://comjnl.oxfordjournals.org/content/early/2013/12/29/comjnl.bxt147.full.pdf+html},
	Journal = {The Computer Journal},
	Title = {{Clustering Media Items Stemming from Multiple Social Networks}},
	Url = {http://comjnl.oxfordjournals.org/content/early/2013/12/29/comjnl.bxt147.abstract},
	Year = {2013},
	Bdsk-Url-1 = {http://comjnl.oxfordjournals.org/content/early/2013/12/29/comjnl.bxt147.abstract},
	Bdsk-Url-2 = {http://dx.doi.org/10.1093/comjnl/bxt147}}

@incollection{sanger05historywikipedia,
	Author = {Sanger, Larry},
	Booktitle = {{Open Sources~2.0: The Continuing Evolution}},
	Editor = {Chris DiBona and Mark Stone and Danese Cooper},
	Pages = {307--38},
	Publisher = {O'Reilly Media},
	Title = {{The Early History of Nupedia and Wikipedia: A~Memoir}},
	Year = {2005}}

@inproceedings{vrandecic2012wikidata,
	Author = {Vrande\v{c}i\'{c}, Denny},
	Booktitle = {{Proceedings of the 21\superscript{st} International Conference Companion on World Wide Web}},
	Isbn = {978-1-4503-1230-1},
	Location = {Lyon, France},
	Numpages = {2},
	Pages = {1063--1064},
	Publisher = {ACM},
	Series = {WWW~'12 Companion},
	Title = {{Wikidata: A New Platform for Collaborative Data Collection}},
	Year = {2012}}

@techreport{hickson2012sse,
	Author = {Ian Hickson},
	Institution = {W3C},
	Month = dec,
	Note = {\url{http://www.w3.org/TR/eventsource/}},
	Title = {{Server-Sent Events}},
	Type = {{Candidate Recommendation}},
	Year = {2012}}

@inproceedings{steiner2013mjnomore,
	Author = {Steiner, Thomas and van Hooland, Seth and Summers, Ed},
	Booktitle = {{Proceedings of the 22\superscript{nd} International Conference on World Wide Web Companion}},
	Isbn = {978-1-4503-2038-2},
	Location = {Rio de Janeiro, Brazil},
	Numpages = {4},
	Pages = {791--794},
	Publisher = {ACM},
	Series = {WWW '13 Companion},
	Title = {{MJ No More: Using Concurrent Wikipedia Edit Spikes with Social Network Plausibility Checks for Breaking News Detection}},
	Year = {2013}}

@inproceedings{voss2005measuring,
	Author = {Voss, Jakob},
	Booktitle = {{10\superscript{th} International Conference of the International Society for Scientometrics and Informetrics}},
	Location = {Stockholm, Sweden},
	Month = jul,
	Title = {{Measuring Wikipedia}},
	Year = {2005}}

@misc{zachte2013wikidata,
	Author = {Erik Zachte},
	Month = nov,
	Note = {\url{http://stats.wikimedia.org/wikispecial/EN/TablesWikipediaWIKIDATA.htm}},
	Title = {{Statistics Wikidata}},
	Year = {2013}}

@misc{zachte2013wikipedia,
	Author = {Erik Zachte},
	Month = nov,
	Note = {\url{http://stats.wikimedia.org/EN/Sitemap.htm}},
	Title = {{Wikipedia Statistics}},
	Year = {2013}}

@misc{wikipedia2013stats,
	Author = {{Wikipedia}},
	Month = dec,
	Note = {\url{http://en.wikipedia.org/wiki/Wikipedia:Statistics}},
	Title = {{Wikipedia:Statistics}},
	Year = {2013}}

@misc{wikipedia2013special,
	Author = {{Wikipedia}},
	Month = dec,
	Note = {\url{http://en.wikipedia.org/wiki/Special:Statistics}},
	Title = {{Statistics}},
	Year = {2013}}

@article{ayers2006researchingwikipedia,
	Author = {Ayers, Phoebe},
	Issn = {1550-8390},
	Journal = {Proceedings of the American Society for Information Science and Technology},
	Number = {1},
	Pages = {1--14},
	Publisher = {Wiley Subscription Services, Inc.},
	Title = {{Researching Wikipedia -- Current Approaches and New Directions}},
	Volume = {43},
	Year = {2006}}

@inproceedings{ciampaglia2010empiricalanalysis,
	Author = {Giovanni Luca Ciampaglia and Alberto Vancheri},
	Booktitle = {{International AAAI Conference on Weblogs and Social Media}},
	Month = may,
	Pages = {219--222},
	Title = {{Empirical Analysis of User Participation in Online Communities: the Case of Wikipedia}},
	Year = {2010}}

@inproceedings{adler2008measuringauthor,
	Address = {New York, NY, USA},
	Articleno = {15},
	Author = {Adler, B. Thomas and de Alfaro, Luca and Pye, Ian and Raman, Vishwanath},
	Booktitle = {{Proceedings of the 4\superscript{th} International Symposium on Wikis}},
	Isbn = {978-1-60558-128-6},
	Location = {Porto, Portugal},
	Numpages = {10},
	Pages = {15:1--15:10},
	Publisher = {ACM},
	Series = {WikiSym '08},
	Title = {{Measuring Author Contributions to the Wikipedia}},
	Year = {2008}}

@inproceedings{boukhelifa2010realtime,
	Author = {Boukhelifa, N. and Chevalier, F. and Fekete, J.},
	Booktitle = {{2010 IEEE Symposium on Visual Analytics Science and Technology (VAST)}},
	Month = oct,
	Pages = {147--154},
	Title = {{Real-time Aggregation of Wikipedia Data for Visual Analytics}},
	Year = {2010}}

@misc{laporte2013map,
	Author = {Stephen LaPorte and Mahmoud Hashemi},
	Month = may,
	Note = {\url{http://blog.hatnote.com/post/49342528753/wikipedia-recent-changes-map}},
	Title = {{Wikipedia Recent Changes Map}},
	Year = {2013}}

@misc{laporte2013listen,
	Author = {Stephen LaPorte and Mahmoud Hashemi},
	Month = jul,
	Note = {\url{http://blog.hatnote.com/post/56856315107/listen-to-wikipedia}},
	Title = {{Listen to Wikipedia}},
	Year = {2013}}

@misc{kozma2013map,
	Author = {László Kozma},
	Month = may,
	Note = {\url{http://www.lkozma.net/wpv/faq.html}},
	Title = {{WikipediaVision (beta)}},
	Year = {2013}}

@inproceedings{geiger2013withoutbots,
	Articleno = {6},
	Author = {Geiger, R. Stuart and Halfaker, Aaron},
	Booktitle = {{Proceedings of the 9\superscript{th} International Symposium on Open Collaboration}},
	Isbn = {978-1-4503-1852-5},
	Location = {Hong Kong, China},
	Numpages = {6},
	Pages = {6:1--6:6},
	Publisher = {ACM},
	Series = {WikiSym '13},
	Title = {{When the Levee Breaks: Without Bots, What Happens to Wikipedia's Quality Control Processes?}},
	Year = {2013}}

@misc{guldbrandsson2013bots,
	Author = {Lennart Guldbrandsson},
	Month = jun,
	Note = {\url{http://blog.wikimedia.org/2013/06/17/}},
	Title = {{Swedish Wikipedia surpasses 1~million articles with aid of article creation bot}},
	Year = {2013}}

@article{halfaker2013wikipedia,
	Author = {Halfaker, Aaron and Geiger, R. Stuart and Morgan, Jonathan T. and Riedl, John},
	Journal = {American Behavioral Scientist},
	Number = {5},
	Pages = {664--688},
	Title = {{The Rise and Decline of an Open Collaboration System: How Wikipedia's Reaction to Popularity Is Causing Its Decline}},
	Volume = {57},
	Year = {2013}}

@article{alfonseca2013spam,
	Author = {Alfonseca, Enrique and Garrido, Guillermo and Delort, Jean-Yves and Peñas, Anselmo},
	Doi = {10.1007/s10579-013-9232-5},
	Issn = {1574-020X},
	Journal = {Language Resources and Evaluation},
	Number = {4},
	Pages = {1163--1190},
	Publisher = {Springer Netherlands},
	Title = {{WHAD: Wikipedia Historical Attributes Data}},
	Volume = {47},
	Year = {2013},
	Bdsk-Url-1 = {http://dx.doi.org/10.1007/s10579-013-9232-5}}

@article{yasseri2012conflicts,
	Author = {Yasseri, T. and Sumi, R. and Rung, A. and Kornai, A. and Kertész, J.},
	Journal = {PLoS ONE},
	Number = {6},
	Title = {{Dynamics of Conflicts in Wikipedia}},
	Volume = {7},
	Year = {2012}}

@article{mestyan2013boxoffice,
	Author = {Mestyán, M. and Yasseri, T. and Kertész, J.},
	Journal = {PLoS ONE},
	Number = {8},
	Title = {{Early Prediction of Movie Box Office Success Based on Wikipedia Activity Big Data}},
	Volume = {8},
	Year = {2013}}

@inproceedings{petrovic2010streamingfirststory,
	Author = {Petrovi\'{c}, Sa\v{s}a and Osborne, Miles and Lavrenko, Victor},
	Booktitle = {Human Language Technologies: The 2010 Annual Conference of the North American Chapter of the Association for Computational Linguistics},
	Isbn = {1-932432-65-5},
	Location = {Los Angeles, California},
	Numpages = {9},
	Pages = {181--189},
	Publisher = {Association for Computational Linguistics},
	Title = {{Streaming First Story Detection with Application to Twitter}},
	Year = {2010}}
