@techreport{pfeiffer2013webvtt,
  author = {Silvia Pfeiffer and Ian Hickson},
  title = {{WebVTT: The Web Video Text Tracks Format}},
  type = {{Draft Community Group Specification}},
  year = {2013},
  month = nov,
  note = {\url{http://dev.w3.org/html5/webvtt/}},
  institution = {W3C}
}

@techreport{berjon2013html5,
  author = {Berjon, Robin and Faulkner, Steve and Leithead, Travis and others},
  title = {{HTML5, A~Vocabulary and Associated APIs for HTML and XHTML}},
  type = {{Candidate Recommendation}},
  year = {2013},
  note = {\url{http://www.w3.org/TR/html5/}},
  institution = {W3C}
}

@misc{dutton2012trackelement,
  author = {Sam Dutton},
  title = {{Getting Started With the Track Element}},
  year = {2012},
  month = feb,
  note = {\url{http://www.html5rocks.com/en/tutorials/track/basics/}}
}

@techreport{sporny2013jsonld,
  author = {Manu Sporny and Dave Longley and Gregg Kellogg and others},
  title = {{JSON-LD~1.0, A~JSON-based Serialization for Linked Data}},
  type = {{Proposed Recommendation}},
  year = {2013},
  month = nov,
  note = {\url{http://www.w3.org/TR/json-ld/}},
  institution = {W3C}
}

@article{bizer2009linkeddata,
  author = {Christian Bizer and Tom Heath and Tim Berners-Lee},
  title = {{Linked Data---The Story So Far}},
  journal = {Int. J. Semantic Web Inf. Syst.},
  volume = {5},
  number = {3},
  year = {2009},
  pages = {1--22}
}

@techreport{troncy2012mediafragments,
  author = {R. Troncy and E. Mannens and S. Pfeiffer and others},
  title = {{Media Fragments URI~1.0 (basic)}},
  institution = {W3C},
  year = {2012},
  month = sep,
  type = {{Recommendation}},
  note = {\url{http://www.w3.org/TR/media-frags/}}
}

@techreport{lee2012mediaontology,
  author = {W. Lee and W. Bailer and T. B\"urger and others},
  title = {{Ontology for Media Resources~1.0}},
  institution = {W3C},
  year = {2012},
  month = feb,
  type = {{Recommendation}},
  note = {\url{http://www.w3.org/TR/mediaont-10/}}
}